<?xml version="1.0" encoding="UTF-8"?><collection xmlns="http://www.loc.gov/MARC21/slim"><record><leader>00596nam--2200181-i-4500</leader><controlfield tag="001">000042018</controlfield><controlfield tag="002">20161230</controlfield><controlfield tag="005">20161230201043</controlfield><controlfield tag="008">060222s1000------------r-----000-0-eng-d</controlfield><datafield ind1=" " ind2=" " tag="040"><subfield code="a">IFIN-HH</subfield></datafield><datafield ind1=" " ind2=" " tag="080"><subfield code="a">537.226:539.193.43:538.956</subfield></datafield><datafield ind1="1" ind2=" " tag="100"><subfield code="a">Smyth,Charles Phelps</subfield></datafield><datafield ind1="1" ind2="0" tag="245"><subfield code="a">Dielectric behavior and structure. d</subfield><subfield code="b">Ielectric constant and loss, dipole moment and molecular structure</subfield><subfield code="c">Charles phelps smyth</subfield></datafield><datafield ind1=" " ind2=" " tag="260"><subfield code="a">New York</subfield><subfield code="b">Mcgraw-hill Book Company Inc</subfield><subfield code="c">1955</subfield></datafield><datafield ind1=" " ind2=" " tag="300"><subfield code="a">X+441 P</subfield></datafield><datafield ind1=" " ind2=" " tag="490"><subfield code="a">International Chemical Series</subfield></datafield><datafield ind1=" " ind2=" " tag="852"><subfield code="a">10760</subfield><subfield code="c">537.226</subfield></datafield><datafield ind1=" " ind2=" " tag="CAT"><subfield code="a">Sys</subfield><subfield code="c">20110705</subfield><subfield code="h">133835</subfield></datafield></record></collection>